@techreport{Barbara04,
institution = {Department of Computer Science, Keele University, UK},
author = {Kitchenham, Barbara},
title = {Procedures for Performing Systematic Reviews},
year = {2004}
}

@INPROCEEDINGS{Hajjdiab2011,
author={Hajjdiab, H. and Taleb, A.S.},
booktitle={Software Engineering and Service Science (ICSESS), 2011 IEEE 2nd International Conference on},
title={Agile adoption experience: A case study in the U.A.E},
year={2011},
month={July},
pages={31-34},
keywords={organisational aspects;software prototyping;Scrum method;U.A.E;United Arab Emirates;agile adoption experience;agile software development methods;fundamental organizational changes;Documentation;Force;Organizations;Programming;Software;Software engineering;Training;Agile software development;Scrum;Software Engineering;case study},
doi={10.1109/ICSESS.2011.5982247}
}

@INPROCEEDINGS{Block2011,
author={Block, M.},
booktitle={Agile Conference (AGILE), 2011},
title={Evolving to Agile: A Story of Agile Adoption at a Small SaaS Company},
year={2011},
month={Aug},
pages={234-239},
keywords={cloud computing;software prototyping;IASTA;agile adoption process;organic growth organization;small SaaS company;Companies;Documentation;Planning;Radio access networks;Software;Testing;agile adoption;scrum;scrumbut},
doi={10.1109/AGILE.2011.16}
}

@INPROCEEDINGS{Asnawi2012,
author={Asnawi, A.L. and Gravell, A.M. and Wills, G.B.},
booktitle={AGILE India (AGILE INDIA), 2012},
title={Factor Analysis: Investigating Important Aspects for Agile Adoption in Malaysia},
year={2012},
month={Feb},
pages={60-63},
keywords={cultural aspects;organisational aspects;software prototyping;Kuala Lumpur;Malaysia;Selangor;agile adoption;agile users;cultural aspects;customer collaboration;factor analysis;geographical regions;organisation related aspects;people related aspects;professional skills;software engineering;software organisations;software practitioners;software process;Collaboration;Eigenvalues and eigenfunctions;Loading;Programming;Software;Software engineering;Training;Agile methods;factor analysis;factor extraction;factor rotation;loadings;software process},
doi={10.1109/AgileIndia.2012.13}
}

@INPROCEEDINGS{Adobe2012,
author={Green, P.},
booktitle={Agile Conference (AGILE), 2012},
title={Adobe Premiere Pro Scrum Adoption: How an Agile Approach Enabled Success in a Hyper-competitive Landscape},
year={2012},
month={Aug},
pages={172-178},
keywords={software development management;software prototyping;Adobe Premiere Pro scrum adoption;agile adoption;agile approach;hyper-competitive landscape;market fitness;market perception;market responsiveness;market share;product quality;team work-life balance;Buildings;Games;Media;Product design;Quality assessment;Team working;Testing;Adobe;Agile Adoption;Experience Report;Peter Green;Scrum},
doi={10.1109/Agile.2012.28}
}

@INPROCEEDINGS{Fitzgerald2013,
author={Fitzgerald, B. and Stol, K.-J. and O'Sullivan, R. and O'Brien, D.},
booktitle={Software Engineering (ICSE), 2013 35th International Conference on},
title={Scaling agile methods to regulated environments: An industry case study},
year={2013},
month={May},
pages={863-872},
keywords={program diagnostics;safety-critical software;software prototyping;agile adoption;agile approach;agile development method;colocated teams;continuous compliance;distributed teams;living traceability;regulated environment;safety-critical system;Documentation;Organizations;Product development;Quality management;Safety;Software;Standards;Agile methods;Scrum;case study;regulated environments},
doi={10.1109/ICSE.2013.6606635}
}

@INPROCEEDINGS{Bustard2013,
author={Bustard, D. and Wilkie, G. and Greer, D.},
booktitle={Engineering of Computer Based Systems (ECBS), 2013 20th IEEE International Conference and Workshops on the},
title={The Maturation of Agile Software Development Principles and Practice: Observations on Successive Industrial Studies in 2010 and 2012},
year={2013},
month={April},
pages={139-146},
keywords={software prototyping;Northern Ireland;agile software development;successive industrial studies;Companies;Contracts;Educational institutions;Software;Standards organizations;Scrum;agile software development;industry survey},
doi={10.1109/ECBS.2013.11}
}

@INPROCEEDINGS{Microsoft2013,
author={Murphy, B. and Bird, C. and Zimmermann, T. and Williams, L. and Nagappan, N. and Begel, A.},
booktitle={Empirical Software Engineering and Measurement, 2013 ACM / IEEE International Symposium on},
title={Have Agile Techniques been the Silver Bullet for Software Development at Microsoft?},
year={2013},
month={Oct},
pages={75-84},
keywords={DP industry;software development management;software prototyping;team working;Microsoft;agile adoption;agile methodology;agile practice;agile techniques;changing attitudes;customer requirements;development practices;high-quality valuable software products;large-scale teams;market pressure;silver bullet;software development organizations;software industry;technical change;Companies;Industries;Interviews;Market research;Software;Testing;Agile;Agile development;Interviews;Survey},
doi={10.1109/ESEM.2013.21},
ISSN={1938-6451}
}

@INPROCEEDINGS{Cisco2011,
author={Power, K.},
booktitle={Agile Conference (AGILE), 2011},
title={The Agile Office: Experience Report from Cisco's Unified Communications Business Unit},
year={2011},
month={Aug},
pages={201-208},
keywords={professional communication;project management;software development management;Cisco;agile office;engagement model;project management office;unified communications business unit;Communities;Organizations;Planning;Portfolios;Standards organizations;Training;agile;agile office;change management;organization;scale;stakeholder;transition},
doi={10.1109/AGILE.2011.7}
}

@INPROCEEDINGS{Ericsson2013,
author={Lagerberg, L. and Skude, T. and Emanuelsson, P. and Sandahl, K. and Stahl, D.},
booktitle={Empirical Software Engineering and Measurement, 2013 ACM / IEEE International Symposium on},
title={The Impact of Agile Principles and Practices on Large-Scale Software Development Projects: A Multiple-Case Study of Two Projects at Ericsson},
year={2013},
month={Oct},
pages={348-356},
keywords={software prototyping;software quality;Ericsson;Internal software documentation;agile adoption;agile principles;agile software development methods;coordination effectiveness;industrial software development;knowledge sharing;large-scale software development projects;project visibility;software quality;Art;Documentation;Planning;Productivity;Software;Stress;Variable speed drives;Agile software development;empirical software engineering;large-scale software development;multiple-case study;survey}, 
doi={10.1109/ESEM.2013.53},
ISSN={1938-6451}
}

@inproceedings{Korhonen2010,
 author = {Korhonen, Kirsi},
 title = {Evaluating the Effect of Agile Methods on Software Defect Data and Defect Reporting Practices - A Case Study},
 booktitle = {Proceedings of the 2010 Seventh International Conference on the Quality of Information and Communications Technology},
 series = {QUATIC '10},
 year = {2010},
 isbn = {978-0-7695-4241-6},
 pages = {35--43},
 numpages = {9},
 url = {http://dx.doi.org/10.1109/QUATIC.2010.18},
 doi = {10.1109/QUATIC.2010.18},
 acmid = {1919946},
 publisher = {IEEE Computer Society},
 address = {Washington, DC, USA},
 keywords = {Defect management, quality, agile transformation, distributed software development}
}

@article{Lapham2012,
  author  = {Lapham, Mary Ann},
  title   = {DoD Agile Adoption: Necessary Considerations, Concerns, and Changes},
  journal = {CrossTalk Magazine},
  year    = 2012,
  pages   = {31-35},
  month   = {Jan}
}

@article{Arikpo2011,
  author  = {Arikpo, Iwara I.; Osofisan, Adenike O.},
  title   = {Software Tools and Processes: A Key Factor in Successful Agile Adoption},
  journal = {Computing and Information Systems},
  volume = 15,
  issue = 1,
  year    = 2011,
  pages   = {14-26},
  month   = {Feb}
}

@article{Radha2012,
  author  = {Radha Shankarmani, Dr. S. S. Mantha, Dr. Vinaya Babu},
  title   = {Inclusion of e-Assist to increase Agile Adoption},
  journal = {International Journal of Scientific and Research Publications (IJSRP)},
  volume = 2,
  issue = 11,
  year    = 2012,
  month   = {Nov}
}

@INPROCEEDINGS{Eunha2012,
author={Eunha Kim and Seokmoon Ryoo},
booktitle={Computer Software and Applications Conference (COMPSAC), 2012 IEEE 36th Annual},
title={Agile Adoption Story from NHN},
year={2012},
month={July},
pages={476-481},
keywords={program testing;project management;software development management;software prototyping;team working;NHN Corporation;agile development tools;agile project management;agile requirements;agile testing methods;automation;debt-free iterative development;self-organizing teams;transparency;waterfall development;Automation;Companies;NIST;Planning;Productivity;Software;Testing;Agile Practices;Automated Acceptance Testing;Continuous Integration;Scrum},
doi={10.1109/COMPSAC.2012.83},
ISSN={0730-3157}
}

@article{Claudia2013,
year={2013},
issn={0104-6500},
journal={Journal of the Brazilian Computer Society},
volume={19},
number={4},
doi={10.1007/s13173-013-0114-x},
title={The evolution of agile software development in Brazil},
url={http://dx.doi.org/10.1007/s13173-013-0114-x},
publisher={Springer London},
keywords={Agile software development; Agile educational initiatives; Brazilian agile research; Brazilian agile state-of-the-practice; Object-oriented programming; History of computing},
author={O. Melo, Claudia and Santos, Viviane and Katayama, Eduardo and Corbucci, Hugo and Prikladnicki, Rafael and Goldman, Alfredo and Kon, Fabio},
pages={523-552},
language={English}
}

@article{Nokia2013,
year={2013},
issn={0963-9314},
journal={Software Quality Journal},
volume={21},
number={4},
doi={10.1007/s11219-012-9189-4},
title={Evaluating the impact of an agile transformation: a longitudinal case study in a distributed context},
url={http://dx.doi.org/10.1007/s11219-012-9189-4},
publisher={Springer US},
keywords={Agile software development; Agile transformation; Defect management; Distributed development; Agile adoption},
author={Korhonen, Kirsi},
pages={599-624},
language={English}
}

@misc{Piegas2012,
author = {André Piegas e Eduardo Peres},
title = {AboLições aprendidas},
howpublished = {Apresentado em: Agile Brazil},
year = {2012},
note = {Disponível em: \url{http://www.slideshare.net/eduardomeiraperes/abolies-aprendidas}. Acessado em: 14/02/2014}
}

@misc{Parzinello2012,
author = {Thais Dalcin e Luiz C. Parzinello},
title = {Implantando a Cultura Ágil em Larga Escala},
howpublished = {Apresentado em: Agile Brazil},
year = {2012},
note = {Disponível em: \url{http://www.slideshare.net/parzianello/implantando-a-cultura-gil-em-larga-escala-o-case-do-grupo-rbs}. Acessado em: 14/02/2014}
}

@misc{Valerio2013,
author = {Guilherme Ferreira e Rafael Valério},
title = {4 atitudes para melhorar a agilidade de uma empresa. Na prática.},
howpublished = {Apresentado em: Agile Brazil},
year = {2013},
note = {Disponível em: \url{http://www.slideshare.net/rafaelvalerio311/4-atitudes-para-melhorar-a-agilidade-de-uma-empresa-na-prtica}. Acessado em: 14/02/2014}
}

@misc{Stefano2013,
author = {Stéfano Dos Santos},
title = {Desafios do Desenvolvimento Ágil para o Governo},
howpublished = {Apresentado em: Agile Brazil},
year = {2013},
note = {Disponível em: \url{http://www.slideshare.net/stefanohs/desafios-do-desenvolvimento-gil-para-o-governo}. Acessado em: 14/02/2014}
}

@misc{Rodrigues2013,
author = {Zé Rodrigues e Vinícius Silva},
title = {Padrões e Antipadrões da Adoção da Agilidade em Governo},
howpublished = {Apresentado em: Agile Brazil},
year = {2013},
note = {Disponível em: \url{http://www.slideshare.net/Zeh/padres-a-antipadres-da-adoo-da-agilidade-agile-2013}. Acessado em: 14/02/2014}
}

@misc{Vieira2013,
author = {Rodrigo Vieira},
title = {Agilidade das trincheiras do tribunal superior do trabalho},
howpublished = {Apresentado em: Agile Brazil},
year = {2013},
note = {Disponível em: \url{http://www.slideshare.net/rcvieira/agilidade-das-trincheiras-do-tribunal-superior-do-trabalho}. Acessado em: 14/02/2014}
}

@misc{Queiroz2013,
author = {Vitor Queiroz},
title = {Agile Black Ops - Como infiltrar agile em ambiente hostil},
howpublished = {Apresentado em: Agile Brazil},
year = {2013},
note = {Disponível em: \url{http://www.slideshare.net/VitorQ/agile-black-ops}. Acessado em: 14/02/2014}
}

@misc{Bastos2013,
author = {Ana Bastos},
title = {Adoção de práticas ágeis no desenvolvimento de software de missão crítica},
howpublished = {Apresentado em: Agile Brazil},
year = {2013},
note = {Disponível em: \url{http://www.slideshare.net/AnaHeloisaBastos/agile-brazil2013-adocaoagilecossistema}. Acessado em: 14/02/2014}
}

@misc{Maciel2013,
author = {Teresa Maciel e Alessandra Mendes},
title = {A Incrível História de Uma Organização Pública que Acredita em Agilidade},
howpublished = {Apresentado em: Agile Brazil},
year = {2013},
note = {Disponível em: \url{http://pt.slideshare.net/tmmaciel/a-incrvel-hist}. Acessado em: 14/02/2014}
}

@misc{Ahmed2008,
author = {Ahmed Sidky},
title = {Value-Driven Agile Adoption},
howpublished = {Apresentado em: Agile Mumbai},
year = {2008},
note = {Disponível em: \url{http://pt.slideshare.net/nashjain/value-driven-agile-adoption?from_search=4}. Acessado em: 14/02/2014}
}

@misc{Karaj2013,
author = {Ardita Karaj e Jason Little},
title = {Evolving to Agile: transforming a public sector organization},
howpublished = {Apresentado em: Agile},
year = {2013},
note = {Disponível em: \url{http://www.slideshare.net/agilecoach/agile-2013-from-stone-age-to-agile}. Acessado em: 14/02/2014}
}

@misc{Hui2013,
author = {Alexis Hui},
title = {Lean Change: Enabling Agile Transformation through Lean Startup, Kanban, and Kotter},
howpublished = {Apresentado em: Agile},
year = {2013},
note = {Disponível em: \url{https://submissions.agilealliance.org/system/attachments/attachments/000/000/056/original/Agile_2013_-_Lean_Change_for_Enabling_Agile_Transformations.pdf?1385085655}. Acessado em: 14/02/2014}
}

@misc{Sahota2012,
author = {Michael Sahota},
title = {An Agile Adoption and Transformation Survival Guide},
howpublished = {Apresentado em: Agile},
year = {2012},
note = {Disponível em: \url{http://pt.slideshare.net/michael.sahota/agile-2012-an-agile-adoption-and-transformation-survival-guide?from_search=10}. Acessado em: 14/02/2014}
}

@misc{Srinath2012,
author = {Srinath Chandrasekharan},
title = {Agile in IT Services},
howpublished = {Apresentado em: Agile Goa},
year = {2012},
note = {Disponível em: \url{http://pt.slideshare.net/Srinath_cs/agile-goa-final?from_search=4}. Acessado em: 14/02/2014}
}

@article{agileManifesto,
author = {Highsmith, Jim and Fowler, Martin},
biburl = {http://www.bibsonomy.org/bibtex/27900061809002e05b6624aed63e37d6b/tausendeins},
journal = {Software Development Magazine},
pages = {29--30},
title = {The Agile Manifesto},
volume = {9},
year = {2001}
}

@inproceedings{Kettunen2010,
 author = {Kettunen, Vesa and Kasurinen, Jussi and Taipale, Ossi and Smolander, Kari},
 title = {A Study on Agility and Testing Processes in Software Organizations},
 booktitle = {Proceedings of the 19th International Symposium on Software Testing and Analysis},
 series = {ISSTA '10},
 year = {2010},
 isbn = {978-1-60558-823-0},
 location = {Trento, Italy},
 pages = {231--240},
 numpages = {10},
 url = {http://doi.acm.org/10.1145/1831708.1831737},
 doi = {10.1145/1831708.1831737},
 acmid = {1831737},
 publisher = {ACM},
 address = {New York, NY, USA},
 keywords = {agile development, case study, empirical study, test process},
}

@book{Shore2007,
 author = {Shore, James and Warden, Shane},
 title = {The Art of Agile Development},
 year = {2007},
 isbn = {9780596527679},
 edition = {First},
 publisher = {O'Reilly}
}

@inproceedings{Krasteva2008,
 author = {Krasteva, Iva and Ilieva, Sylvia},
 title = {Adopting an Agile Methodology: Why It Did Not Work},
 booktitle = {Proceedings of the 2008 International Workshop on Scrutinizing Agile Practices or Shoot-out at the Agile Corral},
 series = {APOS '08},
 year = {2008},
 isbn = {978-1-60558-021-0},
 location = {Leipzig, Germany},
 pages = {33--36},
 numpages = {4},
 url = {http://doi.acm.org/10.1145/1370143.1370150},
 doi = {10.1145/1370143.1370150},
 acmid = {1370150},
 publisher = {ACM},
 address = {New York, NY, USA},
 keywords = {agile adoption, extreme programming, scrum}
}

@book{Babbie1990,
  title={Survey research methods},
  author={Babbie, R.},
  isbn={9780534126728},
  lccn={lc89029866},
  url={http://books.google.com.br/books?id=EhtHAAAAMAAJ},
  year={1990},
  publisher={Wadsworth Pub. Co.}
}
